@Article{hellen1987fluorescence,
  author    = {Edward H. Hellen and Daniel Axelrod},
  journal   = {Journal of the Optical Society of America B},
  title     = {Fluorescence emission at dielectric and metal-film interfaces},
  year      = {1987},
  month     = {mar},
  number    = {3},
  pages     = {337},
  volume    = {4},
  doi       = {10.1364/josab.4.000337},
  publisher = {The Optical Society},
}

@Article{lieb2004single,
  author    = {M. Andreas Lieb and James M. Zavislan and Lukas Novotny},
  journal   = {Journal of the Optical Society of America B},
  title     = {Single-molecule orientations determined by direct emission pattern imaging},
  year      = {2004},
  month     = {jun},
  number    = {6},
  pages     = {1210},
  volume    = {21},
  doi       = {10.1364/josab.21.001210},
  publisher = {The Optical Society},
}

@Article{moerner2003methods,
  author    = {W. E. Moerner and David P. Fromm},
  journal   = {Review of Scientific Instruments},
  title     = {Methods of single-molecule fluorescence spectroscopy and microscopy},
  year      = {2003},
  month     = {aug},
  number    = {8},
  pages     = {3597--3619},
  volume    = {74},
  doi       = {10.1063/1.1589587},
  publisher = {{AIP} Publishing},
}

@Article{backer2013single,
  author    = {Adam S. Backer and Mikael P. Backlund and Matthew D. Lew and W. E. Moerner},
  journal   = {Optics Letters},
  title     = {Single-molecule orientation measurements with a quadrated pupil},
  year      = {2013},
  month     = {apr},
  number    = {9},
  pages     = {1521},
  volume    = {38},
  doi       = {10.1364/ol.38.001521},
  publisher = {The Optical Society},
}

@Article{axelrod2013evanescent,
  author    = {Daniel Axelrod},
  journal   = {Biophysical Journal},
  title     = {Evanescent Excitation and Emission in Fluorescence Microscopy},
  year      = {2013},
  month     = {apr},
  number    = {7},
  pages     = {1401--1409},
  volume    = {104},
  doi       = {10.1016/j.bpj.2013.02.044},
  publisher = {Elsevier {BV}},
}

@Article{deschamps20143d,
  author    = {Joran Deschamps and Markus Mund and Jonas Ries},
  journal   = {Optics Express},
  title     = {3D superresolution microscopy by supercritical angle detection},
  year      = {2014},
  month     = {nov},
  number    = {23},
  pages     = {29081},
  volume    = {22},
  doi       = {10.1364/oe.22.029081},
  publisher = {The Optical Society},
}

@Article{axelrod2001total,
  author    = {Axelrod, Daniel},
  journal   = {Traffic},
  title     = {Total internal reflection fluorescence microscopy in cell biology},
  year      = {2001},
  number    = {11},
  pages     = {764--774},
  volume    = {2},
  doi       = {10.1034/j.1600-0854.2001.21104.x},
  publisher = {Wiley Online Library},
}

@Book{novotny2006principles,
  author    = {Novotny, Lukas and Hecht, Bert},
  publisher = {Cambridge University Press},
  title     = {Principles of Nano-Optics},
  year      = {2006},
  isbn      = {0521832241},
  date      = {2006-05-11},
  ean       = {9780521832243},
  groups    = {Lorenz-Mie},
  pagetotal = {539},
}

@Book{moon2000mathematical,
  author = {Moon, Todd K and Stirling, Wynn C},
  title  = {Mathematical methods and algorithms for signal processing},
  year   = {2000},
  number = {621.39: 51 MON},
}

@Article{curcio2020birefringent,
  author    = {Valentina Curcio and Luis A. Alem{\'{a}}n-Casta{\~{n}}eda and Thomas G. Brown and Sophie Brasselet and Miguel A. Alonso},
  journal   = {Nature Communications},
  title     = {Birefringent Fourier filtering for single molecule coordinate and height super-resolution imaging with dithering and orientation},
  year      = {2020},
  month     = {oct},
  number    = {1},
  volume    = {11},
  doi       = {10.1038/s41467-020-19064-6},
  file      = {:References/Birefringent Fourier filtering for single molecule coordinate and height super-resolution imaging with dithering and orientation.pdf:PDF},
  publisher = {Springer Science and Business Media {LLC}},
}

@Article{paxman1992joint,
  author    = {Richard G. Paxman and Timothy J. Schulz and James R. Fienup},
  journal   = {Journal of the Optical Society of America A},
  title     = {Joint estimation of object and aberrations by using phase diversity},
  year      = {1992},
  month     = {jul},
  number    = {7},
  pages     = {1072},
  volume    = {9},
  doi       = {10.1364/josaa.9.001072},
  publisher = {The Optical Society},
}

@Article{backer2014extending,
  author    = {Adam S. Backer and W. E. Moerner},
  journal   = {The Journal of Physical Chemistry B},
  title     = {Extending Single-Molecule Microscopy Using Optical Fourier Processing},
  year      = {2014},
  month     = {may},
  number    = {28},
  pages     = {8313--8329},
  volume    = {118},
  doi       = {10.1021/jp501778z},
  publisher = {American Chemical Society ({ACS})},
}

@Article{bon2018self,
  author    = {Pierre Bon and Jeanne Linar{\`{e}}s-Loyez and Maxime Feyeux and Kevin Alessandri and Brahim Lounis and Pierre Nassoy and Laurent Cognet},
  journal   = {Nature Methods},
  title     = {Self-interference 3D super-resolution microscopy for deep tissue investigations},
  year      = {2018},
  month     = {apr},
  number    = {6},
  pages     = {449--454},
  volume    = {15},
  doi       = {10.1038/s41592-018-0005-3},
  publisher = {Springer Science and Business Media {LLC}},
}

@Article{thao2019phase,
  author    = {Nguyen Hieu Thao and Oleg Soloviev and Michel Verhaegen},
  journal   = {Journal of the Optical Society of America A},
  title     = {Phase retrieval based on the vectorial model of point spread function},
  year      = {2019},
  month     = {dec},
  number    = {1},
  pages     = {16},
  volume    = {37},
  doi       = {10.1364/josaa.37.000016},
  file      = {:/Users/rodrigo/GoogleDrive/References/ReferencesPDFs/2019/Phase retrieval based on the vectorial model of point spread function.pdf:PDF},
  publisher = {The Optical Society},
}

@Article{braat2005extended,
  author    = {Joseph J.M. Braat and Peter Dirksen and Augustus J.E.M. Janssen and Sven van Haver and Arthur S. van de Nes},
  journal   = {Journal of the Optical Society of America A},
  title     = {Extended Nijboer{\textendash}Zernike approach to aberration and birefringence retrieval in a high-numerical-aperture optical system},
  year      = {2005},
  month     = {dec},
  number    = {12},
  pages     = {2635},
  volume    = {22},
  doi       = {10.1364/josaa.22.002635},
  publisher = {The Optical Society},
}

@Article{zheng2013characterization,
  author    = {Guoan Zheng and Xiaoze Ou and Roarke Horstmeyer and Changhuei Yang},
  journal   = {Optics Express},
  title     = {Characterization of spatially varying aberrations for wide field-of-view microscopy},
  year      = {2013},
  month     = {jun},
  number    = {13},
  pages     = {15131},
  volume    = {21},
  doi       = {10.1364/oe.21.015131},
  publisher = {The Optical Society},
}

@Article{ferdman2020vipr,
  author    = {Boris Ferdman and Elias Nehme and Lucien E. Weiss and Reut Orange and Onit Alalouf and Yoav Shechtman},
  journal   = {Optics Express},
  title     = {{VIPR}: vectorial implementation of phase retrieval for fast and accurate microscopic pixel-wise pupil estimation},
  year      = {2020},
  month     = {mar},
  number    = {7},
  pages     = {10179},
  volume    = {28},
  doi       = {10.1364/oe.388248},
  file      = {:/Users/rodrigo/GoogleDrive/References/ReferencesPDFs/2020/VIPR\: vectorial implementation of phase retrieval for fast and accurate microscopic pixel-wise pupil estimation.pdf:PDF},
  publisher = {The Optical Society},
}

@PhdThesis{clark2012microscope,
  author = {Nathan A. Clark},
  school = {University of Rochester},
  title  = {Microscope Characterization using Phase Retrieval Applied to Determine the Spatial Distribution of Membrane-Associated Proteins in Hematocytes},
  year   = {2012},
}

@Article{hanser2003phase,
  author    = {Bridget M. Hanser and Mats G. L. Gustafsson and David A. Agard and John W. Sedat},
  journal   = {Optics Letters},
  title     = {Phase retrieval for high-numerical-aperture optical systems},
  year      = {2003},
  month     = {may},
  number    = {10},
  pages     = {801},
  volume    = {28},
  doi       = {10.1364/ol.28.000801},
  publisher = {The Optical Society},
}

@Article{hanser2004phase,
  author    = {B. M. HANSER and M. G. L. GUSTAFSSON and D. A. AGARD and J. W. SEDAT},
  journal   = {Journal of Microscopy},
  title     = {Phase-retrieved pupil functions in wide-field fluorescence microscopy},
  year      = {2004},
  month     = {oct},
  number    = {1},
  pages     = {32--48},
  volume    = {216},
  doi       = {10.1111/j.0022-2720.2004.01393.x},
  publisher = {Wiley},
}

@Article{fienup1993phase,
  author    = {J. R. Fienup},
  journal   = {Applied Optics},
  title     = {Phase-retrieval algorithms for a complicated optical system},
  year      = {1993},
  month     = {apr},
  number    = {10},
  pages     = {1737},
  volume    = {32},
  doi       = {10.1364/ao.32.001737},
  publisher = {The Optical Society},
}

@Article{fienup1982phase,
  author    = {J. R. Fienup},
  journal   = {Applied Optics},
  title     = {Phase retrieval algorithms: a comparison},
  year      = {1982},
  month     = {aug},
  number    = {15},
  pages     = {2758},
  volume    = {21},
  doi       = {10.1364/ao.21.002758},
  file      = {:/Users/rodrigo/GoogleDrive/References/ReferencesPDFs/1982/ Phase retrieval algorithms a comparison.pdf:PDF},
  publisher = {The Optical Society},
}

@Article{shechtman2015phase,
  author    = {Yoav Shechtman and Yonina C. Eldar and Oren Cohen and Henry Nicholas Chapman and Jianwei Miao and Mordechai Segev},
  journal   = {{IEEE} Signal Processing Magazine},
  title     = {Phase Retrieval with Application to Optical Imaging: A contemporary overview},
  year      = {2015},
  month     = {may},
  number    = {3},
  pages     = {87--109},
  volume    = {32},
  doi       = {10.1109/msp.2014.2352673},
  publisher = {Institute of Electrical and Electronics Engineers ({IEEE})},
}

@Article{paxman1992joint,
  author    = {Richard G. Paxman and Timothy J. Schulz and James R. Fienup},
  journal   = {Journal of the Optical Society of America A},
  title     = {Joint estimation of object and aberrations by using phase diversity},
  year      = {1992},
  month     = {jul},
  number    = {7},
  pages     = {1072},
  volume    = {9},
  doi       = {10.1364/josaa.9.001072},
  file      = {:/Users/rodrigo/GoogleDrive/References/ReferencesPDFs/1992/Joint estimation of object and aberrations by using phase diversity.pdf:PDF},
  publisher = {The Optical Society},
}

@Article{brady2006nonlinear,
  author    = {Gregory R. Brady and James R. Fienup},
  journal   = {Optics Express},
  title     = {Nonlinear optimization algorithm for retrieving the full complex pupil function},
  year      = {2006},
  number    = {2},
  pages     = {474},
  volume    = {14},
  doi       = {10.1364/opex.14.000474},
  publisher = {The Optical Society},
}

@Article{braat2003extended,
  author    = {Joseph J. M. Braat and Peter Dirksen and Augustus J. E. M. Janssen and Arthur S. van de Nes},
  journal   = {Journal of the Optical Society of America A},
  title     = {Extended Nijboer{\textendash}Zernike representation of the vector field in the focal region of an aberrated high-aperture optical system},
  year      = {2003},
  month     = {dec},
  number    = {12},
  pages     = {2281},
  volume    = {20},
  doi       = {10.1364/josaa.20.002281},
  publisher = {The Optical Society},
}

@Article{janssen2002extended,
  author    = {Augustus J. E. M. Janssen},
  journal   = {Journal of the Optical Society of America A},
  title     = {Extended Nijboer{\textendash}Zernike approach for the computation of optical point-spread functions},
  year      = {2002},
  month     = {may},
  number    = {5},
  pages     = {849},
  volume    = {19},
  doi       = {10.1364/josaa.19.000849},
  publisher = {The Optical Society},
}

@InProceedings{hansen1988overcoming,
  author    = {Eric W. Hansen},
  booktitle = {Polarization Considerations for Optical Systems},
  title     = {Overcoming Polarization Aberrations In Microscopy},
  year      = {1988},
  editor    = {Russell A. Chipman},
  month     = {jun},
  publisher = {{SPIE}},
  doi       = {10.1117/12.944306},
}

@Article{jurling2014applications,
  author    = {Alden S. Jurling and James R. Fienup},
  journal   = {Journal of the Optical Society of America A},
  title     = {Applications of algorithmic differentiation to phase retrieval algorithms},
  year      = {2014},
  month     = {jun},
  number    = {7},
  pages     = {1348},
  volume    = {31},
  doi       = {10.1364/josaa.31.001348},
  file      = {:/Users/rodrigo/GoogleDrive/References/ReferencesPDFs/2014/Applications of algorithmic differentiation to phase retrieval algorithms.pdf:PDF},
  publisher = {The Optical Society},
}

@Article{aristov2018zola,
  author    = {Andrey Aristov and Benoit Lelandais and Elena Rensen and Christophe Zimmer},
  journal   = {Nature Communications},
  title     = {{ZOLA}-3D allows flexible 3D localization microscopy over an adjustable axial range},
  year      = {2018},
  month     = {jun},
  number    = {1},
  volume    = {9},
  doi       = {10.1038/s41467-018-04709-4},
  file      = {:/Users/rodrigo/GoogleDrive/References/ReferencesPDFs/2018/ZOLA-3D allows flexible 3D localization microscopy over an adjustable axial range.pdf:PDF},
  publisher = {Springer Science and Business Media {LLC}},
}

@InProceedings{yamamoto2007polarization,
  author    = {Norihiro Yamamoto and Jongwook Kye and Harry J. Levinson},
  booktitle = {Optical Microlithography {XX}},
  title     = {Polarization aberration analysis using Pauli-Zernike representation},
  year      = {2007},
  editor    = {Donis G. Flagello},
  month     = {mar},
  publisher = {{SPIE}},
  doi       = {10.1117/12.711336},
}

@Article{liu2013three,
  author    = {Sheng Liu and Emil B. Kromann and Wesley D. Krueger and Joerg Bewersdorf and Keith A. Lidke},
  journal   = {Optics Express},
  title     = {Three dimensional single molecule localization using a phase retrieved pupil function},
  year      = {2013},
  month     = {nov},
  number    = {24},
  pages     = {29462},
  volume    = {21},
  doi       = {10.1364/oe.21.029462},
  publisher = {The Optical Society},
}

@Article{wang2019generalized,
  author    = {Wenxiao Wang and Fan Ye and Hao Shen and Nicholas A. Moringo and Chayan Dutta and Jacob T. Robinson and Christy F. Landes},
  journal   = {Optics Express},
  title     = {Generalized method to design phase masks for 3D super-resolution microscopy},
  year      = {2019},
  month     = {feb},
  number    = {3},
  pages     = {3799},
  volume    = {27},
  doi       = {10.1364/oe.27.003799},
  publisher = {The Optical Society},
}

@Article{candes2015phase,
  author    = {Emmanuel J. Candes and Xiaodong Li and Mahdi Soltanolkotabi},
  journal   = {{IEEE} Transactions on Information Theory},
  title     = {Phase Retrieval via Wirtinger Flow: Theory and Algorithms},
  year      = {2015},
  month     = {apr},
  number    = {4},
  pages     = {1985--2007},
  volume    = {61},
  doi       = {10.1109/tit.2015.2399924},
  publisher = {Institute of Electrical and Electronics Engineers ({IEEE})},
}

@Comment{jabref-meta: databaseType:bibtex;}
